<mx:record xmlns="http://www.w3.org/TR/xhtml1/strict" xmlns:mx="http://www.loc.gov/MARC21/slim" xmlns:xsi="http://www.w3.org/2001/XMLSchema-instance"><mx:leader>00000nz  a2200000n  45 0</mx:leader><mx:controlfield tag="001">oca04343128 </mx:controlfield><mx:controlfield tag="005">19970516051118.4</mx:controlfield><mx:controlfield tag="008">970430n| acannaab|          |n aaa     c</mx:controlfield><mx:datafield ind1=" " ind2=" " tag="010"><mx:subfield code="a">nr 97015947</mx:subfield></mx:datafield><mx:datafield ind1=" " ind2=" " tag="040"><mx:subfield code="a">CSt</mx:subfield><mx:subfield code="c">CSt</mx:subfield></mx:datafield><mx:datafield ind1="0" ind2=" " tag="100"><mx:subfield code="a">Cleonides,</mx:subfield><mx:subfield code="d">2nd cent.</mx:subfield></mx:datafield><mx:datafield ind1=" " ind2=" " tag="670"><mx:subfield code="a">Hoc in uolumine haec opera continentur Cleonidae Harmonicum introductorium, 1497</mx:subfield></mx:datafield><mx:datafield ind1=" " ind2=" " tag="670"><mx:subfield code="a">New Grove dict. of music</mx:subfield><mx:subfield code="b">(Cleonides; fl. 2nd cent. A.D.; author of Eisagōgē harmonikē, formerly attributed to Euclid)</mx:subfield></mx:datafield><mx:datafield ind1=" " ind2=" " tag="999"><mx:subfield code="a">363</mx:subfield></mx:datafield></mx:record>